<?xml version="1.0" encoding="UTF-8"?><collection xmlns="http://www.loc.gov/MARC21/slim"><record><leader>00593nam--2200205-u-4500</leader><controlfield tag="001">000052944</controlfield><controlfield tag="002">20161230</controlfield><controlfield tag="005">20170115231915</controlfield><controlfield tag="008">101130s1000------------r-----000-0-eng-d</controlfield><datafield ind1=" " ind2=" " tag="020"><subfield code="a">0471241849</subfield></datafield><datafield ind1=" " ind2=" " tag="040"><subfield code="a">IFIN-HH</subfield></datafield><datafield ind1=" " ind2=" " tag="080"><subfield code="a">535.13.:535.14:544.122.14</subfield></datafield><datafield ind1="1" ind2=" " tag="100"><subfield code="a">Shapiro, Moshe</subfield></datafield><datafield ind1="1" ind2="0" tag="245"><subfield code="a">Principles of the quantum control of molecular processes</subfield><subfield code="c">Moshe Shapiro; Paul Brumer</subfield></datafield><datafield ind1=" " ind2=" " tag="260"><subfield code="a">Hoboken, New Jersey</subfield><subfield code="b">John Wiley And Sons, Inc</subfield><subfield code="c">2003</subfield></datafield><datafield ind1=" " ind2=" " tag="300"><subfield code="a">354 p</subfield></datafield><datafield ind1=" " ind2="0" tag="650"><subfield code="a">Molecular dynamics</subfield></datafield><datafield ind1="1" ind2=" " tag="700"><subfield code="a">Brumer, Paul</subfield></datafield><datafield ind1=" " ind2=" " tag="852"><subfield code="a">81685</subfield><subfield code="c">535</subfield></datafield><datafield ind1=" " ind2=" " tag="CAT"><subfield code="a">SYS</subfield><subfield code="c">20170115</subfield><subfield code="h">231915</subfield></datafield></record></collection>